<record><leader>00000cas a2200000 a 4500</leader><controlfield tag="001">27944781</controlfield><controlfield tag="008">930419d189u1918iluwr ne      0   a0eng c</controlfield><datafield ind1=" " ind2=" " tag="010"><subfield code="a">sn 93055769 </subfield></datafield><datafield ind1=" " ind2=" " tag="040"><subfield code="a">NVF</subfield><subfield code="b">eng</subfield><subfield code="c">NVF</subfield><subfield code="d">NVF</subfield><subfield code="d">OCLCF</subfield><subfield code="d">NVF</subfield><subfield code="d">OCLCO</subfield></datafield><datafield ind1="1" ind2=" " tag="029"><subfield code="a">AU@</subfield><subfield code="b">000020740390</subfield></datafield><datafield ind1=" " ind2=" " tag="042"><subfield code="a">pcc</subfield></datafield><datafield ind1=" " ind2=" " tag="043"><subfield code="a">n-us-il</subfield></datafield><datafield ind1="0" ind2="0" tag="245"><subfield code="a">Massac journal-Republican.</subfield></datafield><datafield ind1="3" ind2=" " tag="246"><subfield code="a">Massac journal Republican</subfield></datafield><datafield ind1=" " ind2=" " tag="260"><subfield code="a">Metropolis, Ill. :</subfield><subfield code="b">A.N. Starkes &amp; Co.</subfield></datafield><datafield ind1=" " ind2=" " tag="300"><subfield code="a">v.</subfield></datafield><datafield ind1=" " ind2=" " tag="310"><subfield code="a">Weekly</subfield></datafield><datafield ind1="1" ind2=" " tag="362"><subfield code="a">Ceased in Jan. 1918.</subfield></datafield><datafield ind1=" " ind2=" " tag="588"><subfield code="a">Description based on: Vol. 28, no. 32 (May 3, 1893).</subfield></datafield><datafield ind1=" " ind2=" " tag="588"><subfield code="a">Latest issue consulted: Sept. 26, 1917.</subfield></datafield><datafield ind1=" " ind2=" " tag="580"><subfield code="a">Formed by the union of: Massac journal and: Republican (Metropolis, Ill.).</subfield></datafield><datafield ind1=" " ind2=" " tag="580"><subfield code="a">Merged with: Metropolis herald, to form: Republican herald (Metropolis, Ill.).</subfield></datafield><datafield ind1=" " ind2="0" tag="651"><subfield code="a">Metropolis (Ill.)</subfield><subfield code="v">Newspapers.</subfield></datafield><datafield ind1=" " ind2="0" tag="651"><subfield code="a">Massac County (Ill.)</subfield><subfield code="v">Newspapers.</subfield></datafield><datafield ind1=" " ind2="7" tag="651"><subfield code="a">Illinois</subfield><subfield code="z">Massac County.</subfield><subfield code="2">fast</subfield><subfield code="0">(OCoLC)fst01215000</subfield></datafield><datafield ind1=" " ind2="7" tag="651"><subfield code="a">Illinois</subfield><subfield code="z">Metropolis.</subfield><subfield code="2">fast</subfield><subfield code="0">(OCoLC)fst01219163</subfield></datafield><datafield ind1=" " ind2="7" tag="655"><subfield code="a">Newspapers.</subfield><subfield code="2">fast</subfield><subfield code="0">(OCoLC)fst01423814</subfield></datafield><datafield ind1=" " ind2=" " tag="752"><subfield code="a">United States</subfield><subfield code="b">Illinois</subfield><subfield code="c">Massac</subfield><subfield code="d">Metropolis.</subfield></datafield><datafield ind1="1" ind2="4" tag="780"><subfield code="t">Massac journal</subfield><subfield code="w">(DLC)sn 85033860</subfield><subfield code="w">(OCoLC)12294876</subfield></datafield><datafield ind1="1" ind2="4" tag="780"><subfield code="t">Republican (Metropolis, Ill.)</subfield></datafield><datafield ind1="1" ind2="7" tag="785"><subfield code="t">Metropolis herald</subfield><subfield code="w">(DLC)sn 93055771</subfield><subfield code="w">(OCoLC)27944983</subfield></datafield><datafield ind1="1" ind2="7" tag="785"><subfield code="t">Republican herald (Metropolis, Ill.)</subfield><subfield code="w">(DLC)sn 93055772</subfield><subfield code="w">(OCoLC)27945150</subfield></datafield></record>